%YAML 1.1
%TAG !u! tag:unity3d.com,2011:
--- !u!1 &218628124872928278
GameObject:
  m_ObjectHideFlags: 0
  m_CorrespondingSourceObject: {fileID: 0}
  m_PrefabInstance: {fileID: 0}
  m_PrefabAsset: {fileID: 0}
  serializedVersion: 6
  m_Component:
  - component: {fileID: 218628124872928279}
  m_Layer: 0
  m_Name: S1-3-1
  m_TagString: Untagged
  m_Icon: {fileID: 0}
  m_NavMeshLayer: 0
  m_StaticEditorFlags: 0
  m_IsActive: 1
--- !u!4 &218628124872928279
Transform:
  m_ObjectHideFlags: 0
  m_CorrespondingSourceObject: {fileID: 0}
  m_PrefabInstance: {fileID: 0}
  m_PrefabAsset: {fileID: 0}
  m_GameObject: {fileID: 218628124872928278}
  m_LocalRotation: {x: 0, y: 0, z: 0, w: 1}
  m_LocalPosition: {x: 0, y: 0, z: 0}
  m_LocalScale: {x: 1, y: 1, z: 1}
  m_Children:
  - {fileID: 218628126258725659}
  - {fileID: 218628125017063535}
  - {fileID: 218628125207177819}
  m_Father: {fileID: 218628125879236152}
  m_RootOrder: 0
  m_LocalEulerAnglesHint: {x: 0, y: 0, z: 0}
--- !u!1 &218628125017063534
GameObject:
  m_ObjectHideFlags: 0
  m_CorrespondingSourceObject: {fileID: 0}
  m_PrefabInstance: {fileID: 0}
  m_PrefabAsset: {fileID: 0}
  serializedVersion: 6
  m_Component:
  - component: {fileID: 218628125017063535}
  - component: {fileID: 218628125017063522}
  - component: {fileID: 218628125017063533}
  - component: {fileID: 218628125017063532}
  m_Layer: 0
  m_Name: mainLight (2)
  m_TagString: Untagged
  m_Icon: {fileID: 0}
  m_NavMeshLayer: 0
  m_StaticEditorFlags: 0
  m_IsActive: 1
--- !u!4 &218628125017063535
Transform:
  m_ObjectHideFlags: 0
  m_CorrespondingSourceObject: {fileID: 0}
  m_PrefabInstance: {fileID: 0}
  m_PrefabAsset: {fileID: 0}
  m_GameObject: {fileID: 218628125017063534}
  m_LocalRotation: {x: 0.5989856, y: 0.2576553, z: -0.4984814, w: 0.57126737}
  m_LocalPosition: {x: 4.6264887, y: 0.40175056, z: 2.5707624}
  m_LocalScale: {x: 1, y: 1, z: 1}
  m_Children: []
  m_Father: {fileID: 218628124872928279}
  m_RootOrder: 1
  m_LocalEulerAnglesHint: {x: 70.26, y: -63.698, z: -129.433}
--- !u!108 &218628125017063522
Light:
  m_ObjectHideFlags: 0
  m_CorrespondingSourceObject: {fileID: 0}
  m_PrefabInstance: {fileID: 0}
  m_PrefabAsset: {fileID: 0}
  m_GameObject: {fileID: 218628125017063534}
  m_Enabled: 1
  serializedVersion: 8
  m_Type: 0
  m_Color: {r: 1, g: 1, b: 1, a: 1}
  m_Intensity: 15.915494
  m_Range: 10
  m_SpotAngle: 82
  m_CookieSize: 10
  m_Shadows:
    m_Type: 0
    m_Resolution: -1
    m_CustomResolution: -1
    m_Strength: 1
    m_Bias: 0.05
    m_NormalBias: 0.4
    m_NearPlane: 0.2
  m_Cookie: {fileID: 0}
  m_DrawHalo: 0
  m_Flare: {fileID: 0}
  m_RenderMode: 0
  m_CullingMask:
    serializedVersion: 2
    m_Bits: 4294967295
  m_Lightmapping: 4
  m_LightShadowCasterMode: 2
  m_AreaSize: {x: 1, y: 1}
  m_BounceIntensity: 2.72
  m_ColorTemperature: 6570
  m_UseColorTemperature: 0
  m_ShadowRadius: 0
  m_ShadowAngle: 0
--- !u!114 &218628125017063533
MonoBehaviour:
  m_ObjectHideFlags: 0
  m_CorrespondingSourceObject: {fileID: 0}
  m_PrefabInstance: {fileID: 0}
  m_PrefabAsset: {fileID: 0}
  m_GameObject: {fileID: 218628125017063534}
  m_Enabled: 1
  m_EditorHideFlags: 0
  m_Script: {fileID: 11500000, guid: 7a68c43fe1f2a47cfa234b5eeaa98012, type: 3}
  m_Name: 
  m_EditorClassIdentifier: 
  version: 3
  m_Version: 3
  directionalIntensity: 3.1415927
  punctualIntensity: 600
  areaIntensity: 200
  enableSpotReflector: 0
  luxAtDistance: 1
  m_InnerSpotPercent: 0
  lightDimmer: 1
  m_VolumetricDimmer: 1
  lightUnit: 0
  sunDiskSize: 1
  sunHaloSize: 0.1
  fadeDistance: 10000
  affectDiffuse: 1
  affectSpecular: 1
  nonLightmappedOnly: 0
  lightTypeExtent: 0
  spotLightShape: 0
  shapeWidth: 0.5
  shapeHeight: 0.5
  aspectRatio: 1
  shapeRadius: 0
  maxSmoothness: 0.99
  applyRangeAttenuation: 1
  useOldInspector: 0
  useVolumetric: 1
  featuresFoldout: 1
  showAdditionalSettings: 0
  displayLightIntensity: 200
  displayAreaLightEmissiveMesh: 0
  lightLayers: 1
  shadowNearPlane: 0.1
  shadowSoftness: 0.5
  blockerSampleCount: 24
  filterSampleCount: 32
  minFilterSize: 0.00001
--- !u!114 &218628125017063532
MonoBehaviour:
  m_ObjectHideFlags: 0
  m_CorrespondingSourceObject: {fileID: 0}
  m_PrefabInstance: {fileID: 0}
  m_PrefabAsset: {fileID: 0}
  m_GameObject: {fileID: 218628125017063534}
  m_Enabled: 1
  m_EditorHideFlags: 0
  m_Script: {fileID: 11500000, guid: c6c2871f720b2af4e9210febdac74517, type: 3}
  m_Name: 
  m_EditorClassIdentifier: 
  m_Version: 1
  shadowResolution: 512
  shadowDimmer: 1
  volumetricShadowDimmer: 1
  shadowFadeDistance: 10000
  contactShadows: 0
  viewBiasMin: 0.2
  viewBiasMax: 100
  viewBiasScale: 1
  normalBiasMin: 0.5
  normalBiasMax: 0.5
  normalBiasScale: 1
  sampleBiasScale: 0
  edgeLeakFixup: 1
  edgeToleranceNormal: 1
  edgeTolerance: 1
  shadowCascadeCount: 4
  shadowCascadeRatios:
  - 0.05
  - 0.2
  - 0.3
  shadowCascadeBorders:
  - 0.2
  - 0.2
  - 0.2
  - 0.2
  shadowAlgorithm: 0
  shadowVariant: 0
  shadowPrecision: 0
  shadowData:
    format: 0
    data: 
  shadowDatas: []
--- !u!1 &218628125064395794
GameObject:
  m_ObjectHideFlags: 0
  m_CorrespondingSourceObject: {fileID: 0}
  m_PrefabInstance: {fileID: 0}
  m_PrefabAsset: {fileID: 0}
  serializedVersion: 6
  m_Component:
  - component: {fileID: 218628125064395795}
  - component: {fileID: 218628125064395798}
  - component: {fileID: 218628125064395793}
  - component: {fileID: 218628125064395792}
  m_Layer: 0
  m_Name: Point Light (1)
  m_TagString: Untagged
  m_Icon: {fileID: 0}
  m_NavMeshLayer: 0
  m_StaticEditorFlags: 0
  m_IsActive: 1
--- !u!4 &218628125064395795
Transform:
  m_ObjectHideFlags: 0
  m_CorrespondingSourceObject: {fileID: 0}
  m_PrefabInstance: {fileID: 0}
  m_PrefabAsset: {fileID: 0}
  m_GameObject: {fileID: 218628125064395794}
  m_LocalRotation: {x: -0, y: -0, z: -0, w: 1}
  m_LocalPosition: {x: -0.86100006, y: -1.6399999, z: -2.828}
  m_LocalScale: {x: 1, y: 1, z: 1}
  m_Children: []
  m_Father: {fileID: 218628125541323847}
  m_RootOrder: 2
  m_LocalEulerAnglesHint: {x: 0, y: 0, z: 0}
--- !u!108 &218628125064395798
Light:
  m_ObjectHideFlags: 0
  m_CorrespondingSourceObject: {fileID: 0}
  m_PrefabInstance: {fileID: 0}
  m_PrefabAsset: {fileID: 0}
  m_GameObject: {fileID: 218628125064395794}
  m_Enabled: 1
  serializedVersion: 8
  m_Type: 2
  m_Color: {r: 1, g: 1, b: 1, a: 1}
  m_Intensity: 2.387324
  m_Range: 3.95
  m_SpotAngle: 30
  m_CookieSize: 10
  m_Shadows:
    m_Type: 0
    m_Resolution: -1
    m_CustomResolution: -1
    m_Strength: 1
    m_Bias: 0.05
    m_NormalBias: 0.4
    m_NearPlane: 0.2
  m_Cookie: {fileID: 0}
  m_DrawHalo: 0
  m_Flare: {fileID: 0}
  m_RenderMode: 0
  m_CullingMask:
    serializedVersion: 2
    m_Bits: 4294967295
  m_Lightmapping: 4
  m_LightShadowCasterMode: 2
  m_AreaSize: {x: 1, y: 1}
  m_BounceIntensity: 1
  m_ColorTemperature: 6570
  m_UseColorTemperature: 0
  m_ShadowRadius: 0
  m_ShadowAngle: 0
--- !u!114 &218628125064395793
MonoBehaviour:
  m_ObjectHideFlags: 0
  m_CorrespondingSourceObject: {fileID: 0}
  m_PrefabInstance: {fileID: 0}
  m_PrefabAsset: {fileID: 0}
  m_GameObject: {fileID: 218628125064395794}
  m_Enabled: 1
  m_EditorHideFlags: 0
  m_Script: {fileID: 11500000, guid: 7a68c43fe1f2a47cfa234b5eeaa98012, type: 3}
  m_Name: 
  m_EditorClassIdentifier: 
  version: 3
  m_Version: 3
  directionalIntensity: 3.1415927
  punctualIntensity: 600
  areaIntensity: 200
  enableSpotReflector: 0
  luxAtDistance: 1
  m_InnerSpotPercent: 0
  lightDimmer: 1
  m_VolumetricDimmer: 1
  lightUnit: 0
  sunDiskSize: 1
  sunHaloSize: 0.1
  fadeDistance: 10000
  affectDiffuse: 1
  affectSpecular: 1
  nonLightmappedOnly: 0
  lightTypeExtent: 0
  spotLightShape: 0
  shapeWidth: 0.5
  shapeHeight: 0.5
  aspectRatio: 1
  shapeRadius: 0
  maxSmoothness: 0.99
  applyRangeAttenuation: 1
  useOldInspector: 0
  useVolumetric: 1
  featuresFoldout: 1
  showAdditionalSettings: 0
  displayLightIntensity: 30
  displayAreaLightEmissiveMesh: 0
  lightLayers: 1
  shadowNearPlane: 0.1
  shadowSoftness: 0.5
  blockerSampleCount: 24
  filterSampleCount: 32
  minFilterSize: 0.00001
--- !u!114 &218628125064395792
MonoBehaviour:
  m_ObjectHideFlags: 0
  m_CorrespondingSourceObject: {fileID: 0}
  m_PrefabInstance: {fileID: 0}
  m_PrefabAsset: {fileID: 0}
  m_GameObject: {fileID: 218628125064395794}
  m_Enabled: 1
  m_EditorHideFlags: 0
  m_Script: {fileID: 11500000, guid: c6c2871f720b2af4e9210febdac74517, type: 3}
  m_Name: 
  m_EditorClassIdentifier: 
  m_Version: 1
  shadowResolution: 512
  shadowDimmer: 1
  volumetricShadowDimmer: 1
  shadowFadeDistance: 10000
  contactShadows: 0
  viewBiasMin: 0.2
  viewBiasMax: 100
  viewBiasScale: 1
  normalBiasMin: 0.5
  normalBiasMax: 0.5
  normalBiasScale: 1
  sampleBiasScale: 0
  edgeLeakFixup: 1
  edgeToleranceNormal: 1
  edgeTolerance: 1
  shadowCascadeCount: 4
  shadowCascadeRatios:
  - 0.05
  - 0.2
  - 0.3
  shadowCascadeBorders:
  - 0.2
  - 0.2
  - 0.2
  - 0.2
  shadowAlgorithm: 0
  shadowVariant: 0
  shadowPrecision: 0
  shadowData:
    format: 0
    data: 
  shadowDatas: []
--- !u!1 &218628125146050335
GameObject:
  m_ObjectHideFlags: 0
  m_CorrespondingSourceObject: {fileID: 0}
  m_PrefabInstance: {fileID: 0}
  m_PrefabAsset: {fileID: 0}
  serializedVersion: 6
  m_Component:
  - component: {fileID: 218628125146050332}
  - component: {fileID: 218628125146050323}
  - component: {fileID: 218628125146050322}
  - component: {fileID: 218628125146050333}
  m_Layer: 0
  m_Name: mainLight (3)
  m_TagString: Untagged
  m_Icon: {fileID: 0}
  m_NavMeshLayer: 0
  m_StaticEditorFlags: 0
  m_IsActive: 1
--- !u!4 &218628125146050332
Transform:
  m_ObjectHideFlags: 0
  m_CorrespondingSourceObject: {fileID: 0}
  m_PrefabInstance: {fileID: 0}
  m_PrefabAsset: {fileID: 0}
  m_GameObject: {fileID: 218628125146050335}
  m_LocalRotation: {x: 0.44601244, y: 0.56842506, z: -0.1359097, w: 0.6778602}
  m_LocalPosition: {x: -4.1935115, y: 0.58175087, z: -3.0792375}
  m_LocalScale: {x: 1, y: 1, z: 1}
  m_Children: []
  m_Father: {fileID: 218628125541323847}
  m_RootOrder: 1
  m_LocalEulerAnglesHint: {x: 49.392002, y: 93.882, z: 29.731}
--- !u!108 &218628125146050323
Light:
  m_ObjectHideFlags: 0
  m_CorrespondingSourceObject: {fileID: 0}
  m_PrefabInstance: {fileID: 0}
  m_PrefabAsset: {fileID: 0}
  m_GameObject: {fileID: 218628125146050335}
  m_Enabled: 1
  serializedVersion: 8
  m_Type: 0
  m_Color: {r: 1, g: 1, b: 1, a: 1}
  m_Intensity: 15.915494
  m_Range: 10
  m_SpotAngle: 82
  m_CookieSize: 10
  m_Shadows:
    m_Type: 0
    m_Resolution: -1
    m_CustomResolution: -1
    m_Strength: 1
    m_Bias: 0.05
    m_NormalBias: 0.4
    m_NearPlane: 0.2
  m_Cookie: {fileID: 0}
  m_DrawHalo: 0
  m_Flare: {fileID: 0}
  m_RenderMode: 0
  m_CullingMask:
    serializedVersion: 2
    m_Bits: 4294967295
  m_Lightmapping: 4
  m_LightShadowCasterMode: 2
  m_AreaSize: {x: 1, y: 1}
  m_BounceIntensity: 2.72
  m_ColorTemperature: 6570
  m_UseColorTemperature: 0
  m_ShadowRadius: 0
  m_ShadowAngle: 0
--- !u!114 &218628125146050322
MonoBehaviour:
  m_ObjectHideFlags: 0
  m_CorrespondingSourceObject: {fileID: 0}
  m_PrefabInstance: {fileID: 0}
  m_PrefabAsset: {fileID: 0}
  m_GameObject: {fileID: 218628125146050335}
  m_Enabled: 1
  m_EditorHideFlags: 0
  m_Script: {fileID: 11500000, guid: 7a68c43fe1f2a47cfa234b5eeaa98012, type: 3}
  m_Name: 
  m_EditorClassIdentifier: 
  version: 3
  m_Version: 3
  directionalIntensity: 3.1415927
  punctualIntensity: 600
  areaIntensity: 200
  enableSpotReflector: 0
  luxAtDistance: 1
  m_InnerSpotPercent: 0
  lightDimmer: 1
  m_VolumetricDimmer: 1
  lightUnit: 0
  sunDiskSize: 1
  sunHaloSize: 0.1
  fadeDistance: 10000
  affectDiffuse: 1
  affectSpecular: 1
  nonLightmappedOnly: 0
  lightTypeExtent: 0
  spotLightShape: 0
  shapeWidth: 0.5
  shapeHeight: 0.5
  aspectRatio: 1
  shapeRadius: 0
  maxSmoothness: 0.99
  applyRangeAttenuation: 1
  useOldInspector: 0
  useVolumetric: 1
  featuresFoldout: 1
  showAdditionalSettings: 0
  displayLightIntensity: 200
  displayAreaLightEmissiveMesh: 0
  lightLayers: 1
  shadowNearPlane: 0.1
  shadowSoftness: 0.5
  blockerSampleCount: 24
  filterSampleCount: 32
  minFilterSize: 0.00001
--- !u!114 &218628125146050333
MonoBehaviour:
  m_ObjectHideFlags: 0
  m_CorrespondingSourceObject: {fileID: 0}
  m_PrefabInstance: {fileID: 0}
  m_PrefabAsset: {fileID: 0}
  m_GameObject: {fileID: 218628125146050335}
  m_Enabled: 1
  m_EditorHideFlags: 0
  m_Script: {fileID: 11500000, guid: c6c2871f720b2af4e9210febdac74517, type: 3}
  m_Name: 
  m_EditorClassIdentifier: 
  m_Version: 1
  shadowResolution: 512
  shadowDimmer: 1
  volumetricShadowDimmer: 1
  shadowFadeDistance: 10000
  contactShadows: 0
  viewBiasMin: 0.2
  viewBiasMax: 100
  viewBiasScale: 1
  normalBiasMin: 0.5
  normalBiasMax: 0.5
  normalBiasScale: 1
  sampleBiasScale: 0
  edgeLeakFixup: 1
  edgeToleranceNormal: 1
  edgeTolerance: 1
  shadowCascadeCount: 4
  shadowCascadeRatios:
  - 0.05
  - 0.2
  - 0.3
  shadowCascadeBorders:
  - 0.2
  - 0.2
  - 0.2
  - 0.2
  shadowAlgorithm: 0
  shadowVariant: 0
  shadowPrecision: 0
  shadowData:
    format: 0
    data: 
  shadowDatas: []
--- !u!1 &218628125207177818
GameObject:
  m_ObjectHideFlags: 0
  m_CorrespondingSourceObject: {fileID: 0}
  m_PrefabInstance: {fileID: 0}
  m_PrefabAsset: {fileID: 0}
  serializedVersion: 6
  m_Component:
  - component: {fileID: 218628125207177819}
  - component: {fileID: 218628125207177822}
  - component: {fileID: 218628125207177817}
  - component: {fileID: 218628125207177816}
  m_Layer: 0
  m_Name: Point Light
  m_TagString: Untagged
  m_Icon: {fileID: 0}
  m_NavMeshLayer: 0
  m_StaticEditorFlags: 0
  m_IsActive: 1
--- !u!4 &218628125207177819
Transform:
  m_ObjectHideFlags: 0
  m_CorrespondingSourceObject: {fileID: 0}
  m_PrefabInstance: {fileID: 0}
  m_PrefabAsset: {fileID: 0}
  m_GameObject: {fileID: 218628125207177818}
  m_LocalRotation: {x: -0, y: -0, z: -0, w: 1}
  m_LocalPosition: {x: 0.68148875, y: -2.4232492, z: 2.9617627}
  m_LocalScale: {x: 1, y: 1, z: 1}
  m_Children: []
  m_Father: {fileID: 218628124872928279}
  m_RootOrder: 2
  m_LocalEulerAnglesHint: {x: 0, y: 0, z: 0}
--- !u!108 &218628125207177822
Light:
  m_ObjectHideFlags: 0
  m_CorrespondingSourceObject: {fileID: 0}
  m_PrefabInstance: {fileID: 0}
  m_PrefabAsset: {fileID: 0}
  m_GameObject: {fileID: 218628125207177818}
  m_Enabled: 1
  serializedVersion: 8
  m_Type: 2
  m_Color: {r: 1, g: 1, b: 1, a: 1}
  m_Intensity: 2.387324
  m_Range: 7.79
  m_SpotAngle: 30
  m_CookieSize: 10
  m_Shadows:
    m_Type: 0
    m_Resolution: -1
    m_CustomResolution: -1
    m_Strength: 1
    m_Bias: 0.05
    m_NormalBias: 0.4
    m_NearPlane: 0.2
  m_Cookie: {fileID: 0}
  m_DrawHalo: 0
  m_Flare: {fileID: 0}
  m_RenderMode: 0
  m_CullingMask:
    serializedVersion: 2
    m_Bits: 4294967295
  m_Lightmapping: 4
  m_LightShadowCasterMode: 2
  m_AreaSize: {x: 1, y: 1}
  m_BounceIntensity: 1
  m_ColorTemperature: 6570
  m_UseColorTemperature: 0
  m_ShadowRadius: 0
  m_ShadowAngle: 0
--- !u!114 &218628125207177817
MonoBehaviour:
  m_ObjectHideFlags: 0
  m_CorrespondingSourceObject: {fileID: 0}
  m_PrefabInstance: {fileID: 0}
  m_PrefabAsset: {fileID: 0}
  m_GameObject: {fileID: 218628125207177818}
  m_Enabled: 1
  m_EditorHideFlags: 0
  m_Script: {fileID: 11500000, guid: 7a68c43fe1f2a47cfa234b5eeaa98012, type: 3}
  m_Name: 
  m_EditorClassIdentifier: 
  version: 3
  m_Version: 3
  directionalIntensity: 3.1415927
  punctualIntensity: 600
  areaIntensity: 200
  enableSpotReflector: 0
  luxAtDistance: 1
  m_InnerSpotPercent: 0
  lightDimmer: 1
  m_VolumetricDimmer: 1
  lightUnit: 0
  sunDiskSize: 1
  sunHaloSize: 0.1
  fadeDistance: 10000
  affectDiffuse: 1
  affectSpecular: 1
  nonLightmappedOnly: 0
  lightTypeExtent: 0
  spotLightShape: 0
  shapeWidth: 0.5
  shapeHeight: 0.5
  aspectRatio: 1
  shapeRadius: 0
  maxSmoothness: 0.99
  applyRangeAttenuation: 1
  useOldInspector: 0
  useVolumetric: 1
  featuresFoldout: 1
  showAdditionalSettings: 0
  displayLightIntensity: 30
  displayAreaLightEmissiveMesh: 0
  lightLayers: 1
  shadowNearPlane: 0.1
  shadowSoftness: 0.5
  blockerSampleCount: 24
  filterSampleCount: 32
  minFilterSize: 0.00001
--- !u!114 &218628125207177816
MonoBehaviour:
  m_ObjectHideFlags: 0
  m_CorrespondingSourceObject: {fileID: 0}
  m_PrefabInstance: {fileID: 0}
  m_PrefabAsset: {fileID: 0}
  m_GameObject: {fileID: 218628125207177818}
  m_Enabled: 1
  m_EditorHideFlags: 0
  m_Script: {fileID: 11500000, guid: c6c2871f720b2af4e9210febdac74517, type: 3}
  m_Name: 
  m_EditorClassIdentifier: 
  m_Version: 1
  shadowResolution: 512
  shadowDimmer: 1
  volumetricShadowDimmer: 1
  shadowFadeDistance: 10000
  contactShadows: 0
  viewBiasMin: 0.2
  viewBiasMax: 100
  viewBiasScale: 1
  normalBiasMin: 0.5
  normalBiasMax: 0.5
  normalBiasScale: 1
  sampleBiasScale: 0
  edgeLeakFixup: 1
  edgeToleranceNormal: 1
  edgeTolerance: 1
  shadowCascadeCount: 4
  shadowCascadeRatios:
  - 0.05
  - 0.2
  - 0.3
  shadowCascadeBorders:
  - 0.2
  - 0.2
  - 0.2
  - 0.2
  shadowAlgorithm: 0
  shadowVariant: 0
  shadowPrecision: 0
  shadowData:
    format: 0
    data: 
  shadowDatas: []
--- !u!1 &218628125292949115
GameObject:
  m_ObjectHideFlags: 0
  m_CorrespondingSourceObject: {fileID: 0}
  m_PrefabInstance: {fileID: 0}
  m_PrefabAsset: {fileID: 0}
  serializedVersion: 6
  m_Component:
  - component: {fileID: 218628125292949112}
  - component: {fileID: 218628125292949119}
  - component: {fileID: 218628125292949118}
  - component: {fileID: 218628125292949113}
  m_Layer: 0
  m_Name: mainLight (1)
  m_TagString: Untagged
  m_Icon: {fileID: 0}
  m_NavMeshLayer: 0
  m_StaticEditorFlags: 0
  m_IsActive: 1
--- !u!4 &218628125292949112
Transform:
  m_ObjectHideFlags: 0
  m_CorrespondingSourceObject: {fileID: 0}
  m_PrefabInstance: {fileID: 0}
  m_PrefabAsset: {fileID: 0}
  m_GameObject: {fileID: 218628125292949115}
  m_LocalRotation: {x: 0.4433695, y: 0.5515259, z: -0.41289967, w: 0.57337296}
  m_LocalPosition: {x: -2.0435114, y: 2.2217503, z: -2.3892374}
  m_LocalScale: {x: 1, y: 1, z: 1}
  m_Children: []
  m_Father: {fileID: 218628125541323847}
  m_RootOrder: 0
  m_LocalEulerAnglesHint: {x: 74.554, y: 90.326004, z: 3.351}
--- !u!108 &218628125292949119
Light:
  m_ObjectHideFlags: 0
  m_CorrespondingSourceObject: {fileID: 0}
  m_PrefabInstance: {fileID: 0}
  m_PrefabAsset: {fileID: 0}
  m_GameObject: {fileID: 218628125292949115}
  m_Enabled: 1
  serializedVersion: 8
  m_Type: 0
  m_Color: {r: 1, g: 1, b: 1, a: 1}
  m_Intensity: 19.894367
  m_Range: 10
  m_SpotAngle: 82
  m_CookieSize: 10
  m_Shadows:
    m_Type: 0
    m_Resolution: -1
    m_CustomResolution: -1
    m_Strength: 1
    m_Bias: 0.05
    m_NormalBias: 0.4
    m_NearPlane: 0.2
  m_Cookie: {fileID: 0}
  m_DrawHalo: 0
  m_Flare: {fileID: 0}
  m_RenderMode: 0
  m_CullingMask:
    serializedVersion: 2
    m_Bits: 4294967295
  m_Lightmapping: 4
  m_LightShadowCasterMode: 2
  m_AreaSize: {x: 1, y: 1}
  m_BounceIntensity: 2.72
  m_ColorTemperature: 6570
  m_UseColorTemperature: 0
  m_ShadowRadius: 0
  m_ShadowAngle: 0
--- !u!114 &218628125292949118
MonoBehaviour:
  m_ObjectHideFlags: 0
  m_CorrespondingSourceObject: {fileID: 0}
  m_PrefabInstance: {fileID: 0}
  m_PrefabAsset: {fileID: 0}
  m_GameObject: {fileID: 218628125292949115}
  m_Enabled: 1
  m_EditorHideFlags: 0
  m_Script: {fileID: 11500000, guid: 7a68c43fe1f2a47cfa234b5eeaa98012, type: 3}
  m_Name: 
  m_EditorClassIdentifier: 
  version: 3
  m_Version: 3
  directionalIntensity: 3.1415927
  punctualIntensity: 600
  areaIntensity: 200
  enableSpotReflector: 0
  luxAtDistance: 1
  m_InnerSpotPercent: 0
  lightDimmer: 1
  m_VolumetricDimmer: 1
  lightUnit: 0
  sunDiskSize: 1
  sunHaloSize: 0.1
  fadeDistance: 10000
  affectDiffuse: 1
  affectSpecular: 1
  nonLightmappedOnly: 0
  lightTypeExtent: 0
  spotLightShape: 0
  shapeWidth: 0.5
  shapeHeight: 0.5
  aspectRatio: 1
  shapeRadius: 0
  maxSmoothness: 0.99
  applyRangeAttenuation: 1
  useOldInspector: 0
  useVolumetric: 1
  featuresFoldout: 1
  showAdditionalSettings: 0
  displayLightIntensity: 250
  displayAreaLightEmissiveMesh: 0
  lightLayers: 1
  shadowNearPlane: 0.1
  shadowSoftness: 0.5
  blockerSampleCount: 24
  filterSampleCount: 32
  minFilterSize: 0.00001
--- !u!114 &218628125292949113
MonoBehaviour:
  m_ObjectHideFlags: 0
  m_CorrespondingSourceObject: {fileID: 0}
  m_PrefabInstance: {fileID: 0}
  m_PrefabAsset: {fileID: 0}
  m_GameObject: {fileID: 218628125292949115}
  m_Enabled: 1
  m_EditorHideFlags: 0
  m_Script: {fileID: 11500000, guid: c6c2871f720b2af4e9210febdac74517, type: 3}
  m_Name: 
  m_EditorClassIdentifier: 
  m_Version: 1
  shadowResolution: 512
  shadowDimmer: 1
  volumetricShadowDimmer: 1
  shadowFadeDistance: 10000
  contactShadows: 0
  viewBiasMin: 0.2
  viewBiasMax: 100
  viewBiasScale: 1
  normalBiasMin: 0.5
  normalBiasMax: 0.5
  normalBiasScale: 1
  sampleBiasScale: 0
  edgeLeakFixup: 1
  edgeToleranceNormal: 1
  edgeTolerance: 1
  shadowCascadeCount: 4
  shadowCascadeRatios:
  - 0.05
  - 0.2
  - 0.3
  shadowCascadeBorders:
  - 0.2
  - 0.2
  - 0.2
  - 0.2
  shadowAlgorithm: 0
  shadowVariant: 0
  shadowPrecision: 0
  shadowData:
    format: 0
    data: 
  shadowDatas: []
--- !u!1 &218628125541323846
GameObject:
  m_ObjectHideFlags: 0
  m_CorrespondingSourceObject: {fileID: 0}
  m_PrefabInstance: {fileID: 0}
  m_PrefabAsset: {fileID: 0}
  serializedVersion: 6
  m_Component:
  - component: {fileID: 218628125541323847}
  m_Layer: 0
  m_Name: S1-3-2
  m_TagString: Untagged
  m_Icon: {fileID: 0}
  m_NavMeshLayer: 0
  m_StaticEditorFlags: 0
  m_IsActive: 1
--- !u!4 &218628125541323847
Transform:
  m_ObjectHideFlags: 0
  m_CorrespondingSourceObject: {fileID: 0}
  m_PrefabInstance: {fileID: 0}
  m_PrefabAsset: {fileID: 0}
  m_GameObject: {fileID: 218628125541323846}
  m_LocalRotation: {x: 0, y: 0, z: 0, w: 1}
  m_LocalPosition: {x: 0, y: 0, z: 0}
  m_LocalScale: {x: 1, y: 1, z: 1}
  m_Children:
  - {fileID: 218628125292949112}
  - {fileID: 218628125146050332}
  - {fileID: 218628125064395795}
  m_Father: {fileID: 218628125879236152}
  m_RootOrder: 1
  m_LocalEulerAnglesHint: {x: 0, y: 0, z: 0}
--- !u!1 &218628125879236155
GameObject:
  m_ObjectHideFlags: 0
  m_CorrespondingSourceObject: {fileID: 0}
  m_PrefabInstance: {fileID: 0}
  m_PrefabAsset: {fileID: 0}
  serializedVersion: 6
  m_Component:
  - component: {fileID: 218628125879236152}
  m_Layer: 0
  m_Name: mainLight
  m_TagString: Untagged
  m_Icon: {fileID: 0}
  m_NavMeshLayer: 0
  m_StaticEditorFlags: 0
  m_IsActive: 1
--- !u!4 &218628125879236152
Transform:
  m_ObjectHideFlags: 0
  m_CorrespondingSourceObject: {fileID: 0}
  m_PrefabInstance: {fileID: 0}
  m_PrefabAsset: {fileID: 0}
  m_GameObject: {fileID: 218628125879236155}
  m_LocalRotation: {x: 0, y: 0, z: 0, w: 1}
  m_LocalPosition: {x: -4.1464887, y: 7.5982494, z: 3.6692374}
  m_LocalScale: {x: 1, y: 1, z: 1}
  m_Children:
  - {fileID: 218628124872928279}
  - {fileID: 218628125541323847}
  m_Father: {fileID: 0}
  m_RootOrder: 0
  m_LocalEulerAnglesHint: {x: 0, y: 0, z: 0}
--- !u!1 &218628126258725658
GameObject:
  m_ObjectHideFlags: 0
  m_CorrespondingSourceObject: {fileID: 0}
  m_PrefabInstance: {fileID: 0}
  m_PrefabAsset: {fileID: 0}
  serializedVersion: 6
  m_Component:
  - component: {fileID: 218628126258725659}
  - component: {fileID: 218628126258725662}
  - component: {fileID: 218628126258725657}
  - component: {fileID: 218628126258725656}
  m_Layer: 0
  m_Name: mainLight
  m_TagString: Untagged
  m_Icon: {fileID: 0}
  m_NavMeshLayer: 0
  m_StaticEditorFlags: 0
  m_IsActive: 1
--- !u!4 &218628126258725659
Transform:
  m_ObjectHideFlags: 0
  m_CorrespondingSourceObject: {fileID: 0}
  m_PrefabInstance: {fileID: 0}
  m_PrefabAsset: {fileID: 0}
  m_GameObject: {fileID: 218628126258725658}
  m_LocalRotation: {x: 0.5989856, y: 0.2576553, z: -0.4984814, w: 0.57126737}
  m_LocalPosition: {x: 1.1864886, y: 1.4817505, z: 2.5707624}
  m_LocalScale: {x: 1, y: 1, z: 1}
  m_Children: []
  m_Father: {fileID: 218628124872928279}
  m_RootOrder: 0
  m_LocalEulerAnglesHint: {x: 70.26, y: -63.698, z: -129.433}
--- !u!108 &218628126258725662
Light:
  m_ObjectHideFlags: 0
  m_CorrespondingSourceObject: {fileID: 0}
  m_PrefabInstance: {fileID: 0}
  m_PrefabAsset: {fileID: 0}
  m_GameObject: {fileID: 218628126258725658}
  m_Enabled: 1
  serializedVersion: 8
  m_Type: 0
  m_Color: {r: 1, g: 1, b: 1, a: 1}
  m_Intensity: 19.894367
  m_Range: 10
  m_SpotAngle: 82
  m_CookieSize: 10
  m_Shadows:
    m_Type: 0
    m_Resolution: -1
    m_CustomResolution: -1
    m_Strength: 1
    m_Bias: 0.05
    m_NormalBias: 0.4
    m_NearPlane: 0.2
  m_Cookie: {fileID: 0}
  m_DrawHalo: 0
  m_Flare: {fileID: 0}
  m_RenderMode: 0
  m_CullingMask:
    serializedVersion: 2
    m_Bits: 4294967295
  m_Lightmapping: 4
  m_LightShadowCasterMode: 2
  m_AreaSize: {x: 1, y: 1}
  m_BounceIntensity: 2.72
  m_ColorTemperature: 6570
  m_UseColorTemperature: 0
  m_ShadowRadius: 0
  m_ShadowAngle: 0
--- !u!114 &218628126258725657
MonoBehaviour:
  m_ObjectHideFlags: 0
  m_CorrespondingSourceObject: {fileID: 0}
  m_PrefabInstance: {fileID: 0}
  m_PrefabAsset: {fileID: 0}
  m_GameObject: {fileID: 218628126258725658}
  m_Enabled: 1
  m_EditorHideFlags: 0
  m_Script: {fileID: 11500000, guid: 7a68c43fe1f2a47cfa234b5eeaa98012, type: 3}
  m_Name: 
  m_EditorClassIdentifier: 
  version: 3
  m_Version: 3
  directionalIntensity: 3.1415927
  punctualIntensity: 600
  areaIntensity: 200
  enableSpotReflector: 0
  luxAtDistance: 1
  m_InnerSpotPercent: 0
  lightDimmer: 1
  m_VolumetricDimmer: 1
  lightUnit: 0
  sunDiskSize: 1
  sunHaloSize: 0.1
  fadeDistance: 10000
  affectDiffuse: 1
  affectSpecular: 1
  nonLightmappedOnly: 0
  lightTypeExtent: 0
  spotLightShape: 0
  shapeWidth: 0.5
  shapeHeight: 0.5
  aspectRatio: 1
  shapeRadius: 0
  maxSmoothness: 0.99
  applyRangeAttenuation: 1
  useOldInspector: 0
  useVolumetric: 1
  featuresFoldout: 1
  showAdditionalSettings: 0
  displayLightIntensity: 250
  displayAreaLightEmissiveMesh: 0
  lightLayers: 1
  shadowNearPlane: 0.1
  shadowSoftness: 0.5
  blockerSampleCount: 24
  filterSampleCount: 32
  minFilterSize: 0.00001
--- !u!114 &218628126258725656
MonoBehaviour:
  m_ObjectHideFlags: 0
  m_CorrespondingSourceObject: {fileID: 0}
  m_PrefabInstance: {fileID: 0}
  m_PrefabAsset: {fileID: 0}
  m_GameObject: {fileID: 218628126258725658}
  m_Enabled: 1
  m_EditorHideFlags: 0
  m_Script: {fileID: 11500000, guid: c6c2871f720b2af4e9210febdac74517, type: 3}
  m_Name: 
  m_EditorClassIdentifier: 
  m_Version: 1
  shadowResolution: 512
  shadowDimmer: 1
  volumetricShadowDimmer: 1
  shadowFadeDistance: 10000
  contactShadows: 0
  viewBiasMin: 0.2
  viewBiasMax: 100
  viewBiasScale: 1
  normalBiasMin: 0.5
  normalBiasMax: 0.5
  normalBiasScale: 1
  sampleBiasScale: 0
  edgeLeakFixup: 1
  edgeToleranceNormal: 1
  edgeTolerance: 1
  shadowCascadeCount: 4
  shadowCascadeRatios:
  - 0.05
  - 0.2
  - 0.3
  shadowCascadeBorders:
  - 0.2
  - 0.2
  - 0.2
  - 0.2
  shadowAlgorithm: 0
  shadowVariant: 0
  shadowPrecision: 0
  shadowData:
    format: 0
    data: 
  shadowDatas: []
